@article{aha91,
  title={Instance-based learning algorithms},
  author={Aha, David W and Kibler, Dennis and Albert, Marc K},
  journal={Machine learning},
  volume={6},
  number={1},
  pages={37--66},
  year={1991},
  publisher={Springer}
}
@book{fastmap,
  title={FastMap: A fast algorithm for indexing, data-mining and visualization of traditional and multimedia datasets},
  author={Faloutsos, Christos and Lin, King-Ip},
  volume={24},
  number={2},
  year={1995},
  publisher={ACM}
}
@inproceedings{xomo,
  title={Xomo: Understanding development options for autonomy},
  author={Menzies, Tim}
}
@ARTICLE{localvsglobal, 
  author={Menzies, T. and Butcher, A. and Cok, D. and Marcus, A. and Layman, L. and Shull, F. and Turhan, B. and Zimmermann, T.}, 
  journal={Software Engineering, IEEE Transactions on}, 
  title={Local versus Global Lessons for Defect Prediction and Effort Estimation}, 
  year={2013}, 
  month={June}, 
  volume={39}, 
  number={6}, 
  pages={822-834}, 
  keywords={automatic test pattern generation;data mining;pattern clustering;PROMISE repository;automated clustering tools;data source;defect dataset;defect prediction;effort estimation;global lessons;learned lesson generated rule;local lessons;Context;Data models;Estimation;Java;Measurement;Software;Telecommunications;Data mining;clustering;defect prediction;effort estimation}, 
  doi={10.1109/TSE.2012.83}, 
  ISSN={0098-5589},}
@ARTICLE{lessmann, 
  author={Lessmann, S. and Baesens, B. and Mues, C. and Pietsch, S.}, 
  journal={Software Engineering, IEEE Transactions on}, 
  title={Benchmarking Classification Models for Software Defect Prediction: A Proposed Framework and Novel Findings}, 
  year={2008}, 
  month={July}, 
  volume={34}, 
  number={4}, 
  pages={485-496}, 
  keywords={benchmark testing;software quality;statistical testing;benchmarking classification models;code attributes;fault-prone modules;metric-based classification;predictive classification models;proprietary data sets;software defect prediction;software quality;statistical testing procedures;testing efficiency;Complexity measures;Data mining;Formal methods;Statistical methods}, 
  doi={10.1109/TSE.2008.35}, 
  ISSN={0098-5589},}
@INPROCEEDINGS{smote2, 
  author={Pelayo, L. and Dick, S.}, 
  booktitle={Fuzzy Information Processing Society, 2007. NAFIPS '07. Annual Meeting of the North American}, 
  title={Applying Novel Resampling Strategies To Software Defect Prediction}, 
  year={2007}, 
  month={June}, 
  pages={69-72}, 
  keywords={learning (artificial intelligence);sampling methods;software metrics;software performance evaluation;software reliability;SMOTE technique;benchmark datasets;defect-prone modules;geometric mean classification accuracy;learning algorithms;machine learning;over-sampling minority-class examples;resampling strategy;software complexity;software defect prediction;software reliability;software sophistication;unbalanced datasets;Computer errors;Costs;Joining processes;Machine learning;Machine learning algorithms;Nearest neighbor searches;Sampling methods;Software algorithms;Software reliability;Testing}, 
  doi={10.1109/NAFIPS.2007.383813},}
@article{smote,
  title={SMOTE: synthetic minority over-sampling technique},
  author={Chawla, Nitesh V and Bowyer, Kevin W and Hall, Lawrence O and Kegelmeyer, W Philip},
  journal={Journal of artificial intelligence research},
  volume={16},
  number={1},
  pages={321--357},
  year={2002}
}
@article{sk,
  title={Ranking and clustering software cost estimation models through a multiple comparisons algorithm},
  author={Mittas, Nikolaos and Angelis, Lefteris},
  journal={Software Engineering, IEEE Transactions on},
  volume={39},
  number={4},
  pages={537--551},
  year={2013},
  publisher={IEEE}
}